<?xml version="1.0" encoding="UTF-8"?>
<record xmlns="http://www.loc.gov/MARC21/slim" xmlns:xsi="http://www.w3.org/2001/XMLSchema-instance" xsi:schemaLocation="http://www.loc.gov/MARC21/slim http://www.loc.gov/standards/marcxml/schema/MARC21slim.xsd">
<leader>00000cam a22      a 4500</leader>
<controlfield tag="001">002203944</controlfield>
<controlfield tag="003">NNU</controlfield>
<controlfield tag="005">20150806162129.0</controlfield>
<controlfield tag="008">901121s1955    ua       b    000 0carar</controlfield>
<datafield tag="010" ind1=" " ind2=" ">
<subfield code="a">   60025505</subfield>
</datafield>
<datafield tag="016" ind1="7" ind2=" ">
<subfield code="a">101260729</subfield>
<subfield code="2">DNLM</subfield>
</datafield>
<datafield tag="035" ind1=" " ind2=" ">
<subfield code="a">(OCoLC)22723153</subfield>
<subfield code="z">(OCoLC)36035765</subfield>
</datafield>
<datafield tag="040" ind1=" " ind2=" ">
<subfield code="a">NLM</subfield>
<subfield code="b">eng</subfield>
<subfield code="c">NLM</subfield>
<subfield code="d">WAU</subfield>
<subfield code="d">CGC</subfield>
<subfield code="d">HVC</subfield>
<subfield code="d">OCLCO</subfield>
<subfield code="d">OCLCA</subfield>
<subfield code="d">OCLCF</subfield>
<subfield code="d">OCLCA</subfield>
<subfield code="d">OCLCQ</subfield>
<subfield code="d">NNU</subfield>
</datafield>
<datafield tag="041" ind1="0" ind2=" ">
<subfield code="a">ara</subfield>
<subfield code="a">fre</subfield>
</datafield>
<datafield tag="042" ind1=" " ind2=" ">
<subfield code="a">nlmcopyc</subfield>
</datafield>
<datafield tag="050" ind1="0" ind2="0">
<subfield code="a">R128.3</subfield>
<subfield code="b">.I17 1955</subfield>
</datafield>
<datafield tag="060" ind1="0" ind2="0">
<subfield code="a">WZ 290</subfield>
<subfield code="b">I141t 1955</subfield>
</datafield>
<datafield tag="100" ind1="1" ind2=" ">
<subfield code="6">880-01</subfield>
<subfield code="a">Ibn Juljul, Sulaymān ibn Ḥassān,</subfield>
<subfield code="d">944-</subfield>
</datafield>
<datafield tag="245" ind1="1" ind2="0">
<subfield code="6">880-02</subfield>
<subfield code="a">Ṭabaqāt al-aṭibbāʼ wa-al-ḥukamāʼ /</subfield>
<subfield code="c">taʼlīf Abī Dāwūd Sulaymān ibn Ḥassān al-Andalusī al-maʻrūf bi-Ibn Juljul ; bi-taḥqīq Fuʼād al-Sayyid.</subfield>
</datafield>
<datafield tag="246" ind1="1" ind2="5">
<subfield code="a">Générations des médecins et des sages</subfield>
</datafield>
<datafield tag="260" ind1=" " ind2=" ">
<subfield code="6">880-03</subfield>
<subfield code="a">al-Qāhirah :</subfield>
<subfield code="b">Maṭbaʻat al-Maʻhad al-ʻIlmī al-Faransī lil-Āthār al-Sharqīyah,</subfield>
<subfield code="c">1955.</subfield>
</datafield>
<datafield tag="300" ind1=" " ind2=" ">
<subfield code="a">48, 138 pages ; 10 pages ;</subfield>
<subfield code="c">25 cm.</subfield>
</datafield>
<datafield tag="336" ind1=" " ind2=" ">
<subfield code="a">text</subfield>
<subfield code="b">txt</subfield>
<subfield code="2">rdacontent</subfield>
</datafield>
<datafield tag="337" ind1=" " ind2=" ">
<subfield code="a">unmediated</subfield>
<subfield code="b">n</subfield>
<subfield code="2">rdamedia</subfield>
</datafield>
<datafield tag="338" ind1=" " ind2=" ">
<subfield code="a">volume</subfield>
<subfield code="b">nc</subfield>
<subfield code="2">rdacarrier</subfield>
</datafield>
<datafield tag="490" ind1="1" ind2=" ">
<subfield code="6">880-04</subfield>
<subfield code="a">Maṭbūʻāt al-Maʻhad al-ʻIlmī al-Faransī lil-Āthār al-Sharqīyah bi-al-Qāhirah</subfield>
</datafield>
<datafield tag="490" ind1="1" ind2=" ">
<subfield code="6">880-05</subfield>
<subfield code="a">Nuṣūṣ wa-tarjamāt ;</subfield>
<subfield code="v">al-mujallad 10</subfield>
</datafield>
<datafield tag="490" ind1="1" ind2=" ">
<subfield code="a">Textes et traductions d'auteurs orientaux ;</subfield>
<subfield code="v">t. 10</subfield>
</datafield>
<datafield tag="490" ind1="1" ind2=" ">
<subfield code="a">Publications de l'Institut français d'archéologie orientale du Caire</subfield>
</datafield>
<datafield tag="500" ind1=" " ind2=" ">
<subfield code="a">Series title also in French: Publications de l'Institut français d'archéologie orientale du Caire. Textes et traductions d'auteurs orientaux, t. 10.</subfield>
</datafield>
<datafield tag="504" ind1=" " ind2=" ">
<subfield code="a">Includes bibliographical references.</subfield>
</datafield>
<datafield tag="650" ind1="1" ind2="2">
<subfield code="a">Medicine, Arabic</subfield>
<subfield code="v">Biography.</subfield>
</datafield>
<datafield tag="650" ind1=" " ind2="0">
<subfield code="a">Medicine, Arab.</subfield>
</datafield>
<datafield tag="650" ind1=" " ind2="7">
<subfield code="a">Medicine, Arab.</subfield>
<subfield code="2">fast</subfield>
<subfield code="0">(OCoLC)fst01015186</subfield>
</datafield>
<datafield tag="700" ind1="1" ind2=" ">
<subfield code="6">880-06</subfield>
<subfield code="a">Sayyid, Fuʼād.</subfield>
</datafield>
<datafield tag="776" ind1="0" ind2="8">
<subfield code="i">Online version:</subfield>
<subfield code="a">Ibn Juljul, Sulaymān ibn Ḥassān, b. 944.</subfield>
<subfield code="t">Ṭabaqāt al-aṭibbāʼ wa-al-ḥukamāʼ.</subfield>
<subfield code="d">al-Qāhirah : Maṭbaʻat al-Maʻhad al-ʻIlmī al-Faransī lil-Āthār al-Sharqīyah, 1955</subfield>
<subfield code="w">(OCoLC)609336268</subfield>
</datafield>
<datafield tag="880" ind1="1" ind2=" ">
<subfield code="6">100-01/</subfield>
<subfield code="a">ابن جلجل، سليمان بن حسان.</subfield>
</datafield>
<datafield tag="880" ind1="1" ind2="0">
<subfield code="6">245-02/</subfield>
<subfield code="a">طبقات الاطباء والحكماء /</subfield>
<subfield code="c">تأليف أبي داود سليمان بن حسان الاندلسي المعروف بابن جلجل ؛ بتحقيق فؤاد سيد.</subfield>
</datafield>
<datafield tag="880" ind1=" " ind2=" ">
<subfield code="6">260-03/</subfield>
<subfield code="a">القاهرة :</subfield>
<subfield code="b">مطبعة المعهد العلمي الفرنسي للآثار الشرقية،</subfield>
<subfield code="c">١٩٥٥.</subfield>
</datafield>
<datafield tag="880" ind1="1" ind2=" ">
<subfield code="6">490-04/</subfield>
<subfield code="a">مطبوعات المعهد العلمي الفرنسي للآثار الشرقية بالقاهرة</subfield>
</datafield>
<datafield tag="880" ind1="1" ind2=" ">
<subfield code="6">490-05/</subfield>
<subfield code="a">نصوص وترجمات ؛</subfield>
<subfield code="v">المجلد 10</subfield>
</datafield>
<datafield tag="880" ind1="1" ind2=" ">
<subfield code="6">700-06/</subfield>
<subfield code="a">سيد، فؤاد.</subfield>
</datafield>
<datafield tag="830" ind1=" " ind2="0">
<subfield code="6">880-07</subfield>
<subfield code="a">Maṭbūʻāt al-Maʻhad al-ʻIlmī al-Faransī lil-Āthār al-Sharqīyah bi-al-Qāhirah.</subfield>
</datafield>
<datafield tag="880" ind1=" " ind2="0">
<subfield code="6">830-07/</subfield>
<subfield code="a">مطبوعات المعهد العلمي الفرنسي للآثار الشرقية بالقاهرة.</subfield>
</datafield>
<datafield tag="830" ind1=" " ind2="0">
<subfield code="6">880-08</subfield>
<subfield code="a">Nuṣūṣ wa-tarjamāt ;</subfield>
<subfield code="v">al-mujallad 10.</subfield>
</datafield>
<datafield tag="880" ind1=" " ind2="0">
<subfield code="6">830-08/</subfield>
<subfield code="a">نصوص وترجمات ؛</subfield>
<subfield code="v">المجلد 10.</subfield>
</datafield>
<datafield tag="830" ind1=" " ind2="0">
<subfield code="a">Textes et traductions d'auteurs orientaux ;</subfield>
<subfield code="v">t. 10.</subfield>
</datafield>
<datafield tag="830" ind1=" " ind2="0">
<subfield code="a">Publications de l'Institut français d'archéologie orientale du Caire.</subfield>
</datafield>
<datafield tag="OWN" ind1=" " ind2=" ">
<subfield code="a">GENERAL</subfield>
</datafield>
<datafield tag="AVA" ind1=" " ind2=" ">
<subfield code="a">NYU50</subfield>
<subfield code="b">BOBST</subfield>
<subfield code="c">Main Collection</subfield>
<subfield code="d">R128.3 .I17 1955</subfield>
<subfield code="e">unavailable</subfield>
<subfield code="t">Unavailable</subfield>
<subfield code="f">1</subfield>
<subfield code="g">1</subfield>
<subfield code="h">N</subfield>
<subfield code="i">0</subfield>
<subfield code="j">MAIN</subfield>
<subfield code="k">0</subfield>
</datafield>
</record>
